Automatically generated by Mendeley Desktop 1.15
Any changes to this file will be lost if it is regenerated by Mendeley.

BibTeX export options can be customized via Preferences -> BibTeX in Mendeley Desktop

@article{KWIK,
author = {Li, Lihong and Littman, Michael L and Walsh, Thomas J},
file = {:Users/jpcolomer/Downloads/Li08Knows.pdf:pdf},
title = {{Knows What It Knows : A Framework For Self-Aware Learning}}
}
@article{Strehl,
  author = {Strehl, Alexander L and Littman, Michael L},
  file = {:Users/jpcolomer/Downloads/3197-online-linear-regression-and-its-application-to-model-based-reinforcement-learning.pdf:pdf},
  title = {{Online Linear Regression and Its Application to Model-Based Reinforcement Learning}},
  year = 2008
}
